<record><leader>00000cas a2200000 a 4500</leader><controlfield tag="001">12794086</controlfield><controlfield tag="008">851114d18801881ksudr ne      0    0eng d</controlfield><datafield ind1=" " ind2=" " tag="010"><subfield code="a">sn 85032033 </subfield></datafield><datafield ind1=" " ind2=" " tag="040"><subfield code="a">KSH</subfield><subfield code="b">eng</subfield><subfield code="c">KSH</subfield><subfield code="d">NPT</subfield><subfield code="d">OCL</subfield><subfield code="d">OCLCQ</subfield></datafield><datafield ind1=" " ind2=" " tag="042"><subfield code="a">msc</subfield></datafield><datafield ind1="0" ind2="0" tag="245"><subfield code="a">North Topeka daily argus.</subfield></datafield><datafield ind1="1" ind2="3" tag="246"><subfield code="a">North Topeka daily times</subfield><subfield code="f">Nov. 8, 1880-Nov. 19, 1881</subfield></datafield><datafield ind1="1" ind2="3" tag="246"><subfield code="a">Topeka daily times</subfield><subfield code="f">Nov. 21-&lt;Dec. 31, 1881&gt;</subfield></datafield><datafield ind1=" " ind2=" " tag="260"><subfield code="a">Topeka, Kan. :</subfield><subfield code="b">Morris &amp; Sterner,</subfield><subfield code="c">1880-</subfield></datafield><datafield ind1=" " ind2=" " tag="300"><subfield code="a">v. ;</subfield><subfield code="c">33-50 cm.</subfield></datafield><datafield ind1=" " ind2=" " tag="310"><subfield code="a">Daily (except Sunday)</subfield></datafield><datafield ind1="0" ind2=" " tag="362"><subfield code="a">Vol. 1, no. 1 (Sept. 1, 1880)-</subfield></datafield><datafield ind1="1" ind2=" " tag="362"><subfield code="a">Ceased in 1881?</subfield></datafield><datafield ind1=" " ind2=" " tag="500"><subfield code="a">"Republican."</subfield></datafield><datafield ind1=" " ind2=" " tag="752"><subfield code="a">United States</subfield><subfield code="b">Kansas</subfield><subfield code="c">Shawnee</subfield><subfield code="d">Topeka.</subfield></datafield><datafield ind1="0" ind2="5" tag="780"><subfield code="t">Topeka post (Topeka, Kan. : 1880)</subfield><subfield code="g">Sept. 22, 1880</subfield><subfield code="w">(DLC)sn 85067103</subfield></datafield><datafield ind1="1" ind2=" " tag="029"><subfield code="a">AU@</subfield><subfield code="b">000022165173</subfield></datafield></record>